% Copyright (C) 2017 Manuel López Urbina

@book{book:node,
author = "Mike Cantelon and Alex R. Young and Marc Harter and T.J. Holowaychuk and Nathan Rajlich",
title = "Node.js in Action",
publisher = "Manning Publications",
year = "2017"
}

@book{book:javascript,
author = "Douglas Crockford",
title = "JavaScript: The Good Parts",
publisher = "O'Reilly",
year = "2008"
}

@MISC{website:5,
AUTHOR = "{Digital Ocean}",
title ="{Digital Ocean}",
HOWPUBLISHED = "\url{https://www.digitalocean.com/}",
note = "{Visitado el 15-06-2017}"
}

@MISC{website:4,
AUTHOR = "{Git Hub}",
title ="{Git Hub}",
HOWPUBLISHED = "\url{https://github.com}",
note = {Visitado el 03-07-2017}
}

@book{book:git,
author = "Pablo Hinojoda and JJ Merelo",
title = "Aprende Git: ... y, de camino, GitHub",
publisher = "Editorial Reviews",
year = "2015"
}

@book{book:sails,
author = "{Mike McNeil}, {Irl Nathan}",
title = "Sails.js in Action",
publisher = "Manning Publications",
year = "2017"
}

@MISC{website:metrica,
AUTHOR = "{Ministerio de Administraciones Públicas, Gobierno de España}",
title ="{Métrica v3}",
HOWPUBLISHED = "\url{http://administracionelectronica.gob.es/pae_Home/pae_Documentacion/pae_Metodolog/pae_Metrica_v3.html#.WQ79WiclGkB}",
note = {Visitado el 10-01-2017}
}

@MISC{website:2,
AUTHOR = "Irl Nathan.",
title ="{Activityoverlord, an application to learn sails.js}",
HOWPUBLISHED = "\url{https://github.com/irlnathan/activityoverlord}",
note = {Visitado el 19-01-2017}
}

@book{book:socketio,
author = "Rohit Rai",
title = "Socket.IO Real-Time Web Application Development",
publisher = "Packt",
year = "2013"
}

@MISC{website:1,
AUTHOR = "{Sails.js}",
title ="{Sails.js | Realtime MVC Framework for Node.js}",
HOWPUBLISHED = "\url{http://sailsjs.com/}",
note = {Visitado el 27-06-2017}
}

@book{book:internet_things,
author = "Dr. Ovidiu Vermesan and Dr. Peter Friedss",
title = "Internet of Things - From Research and Innovation to Market Deployment",
publisher = "River Publishers Aalborg",
year = "2014"
}

@MISC{website:6,
AUTHOR = "{Wikibooks}",
title = "{The Book of LaTeX}",
HOWPUBLISHED = "\url{http://en.wikibooks.org/wiki/LaTeX}",
note = {Visitado el 08-06-2017}
}

@book{book:LaTeX,
author = "{Stefan Kottwitz}",
title = "LaTeX Beginner's Guide",
publisher = "Packt Publishing",
year = "2011"
}

@MISC{website:12,
AUTHOR = "{Official documentation}",
title = "{Sails JS Documentation}",
HOWPUBLISHED = "\url{https://sailsjs.com/documentation/reference}",
note = {Visitado el 14-03-2017}
}

@book{book:FFmpeg,
author = "{Frantisek Korbel}",
title = "FFmpeg Basics: Multimedia handling with a fast audio and video encoder",
publisher = "CreateSpace",
year = "2015"
}

@book{book:WebSocket,
author = "{Andrew Lombardi}",
title = "WebSocket: Lightweight Client-Server Communications",
publisher = "O'Reilly Media",
year = "2012"
}

@book{book:Deploying,
author = "{Sandro Pasquali}",
title = "Deploying Node.js",
publisher = "Packt Publishing",
year = "2015"
}

@book{book:Raspberry,
author = "{Eben Upton and Gareth Halfacree}",
title = "Raspberry Pi User Guide",
publisher = "Rasoberry Pi",
year = "2013",
note = " \url{http://www.cs.unca.edu/~bruce/Fall14/360/RPiUsersGuide.pdf}, visitado el 10-04-2017"
}

@book{book:MongoDB,
author = "{Kristina Chodorow}",
title = "MongoDB: The Definitive Guide, 2nd Edition",
publisher = "O'Reilly Media",
year = "2013"
}

@MISC{website:8,
AUTHOR = "{Official documentation}",
title = "{Node JS Documentation}",
HOWPUBLISHED = "\url{https://nodejs.org/es/docs/}",
note = {Visitado el 02-05-2017}
}

@techreport{article:2,
title = {{Analysis of WebSockets as the New Age Protocol for Remote Robot Tele-operation}},
author = { Lakshminarasimhan Srinivasan and Julian Scharnagl and Klaus Schilling },
group = {IFAC},
year = {2013},
institution = {University of Wuerzburg, Department of Robotics and Telematics},
month = {11}
}

@techreport{article:1,
title = {{Design and Development of a Robotic Teleoperation System using Duplex WebSockets suitable for Variable Bandwidth Networks}},
author = {Lakshminarasimhan Srinivasan and Julian Scharnagl and Zhihao Xu and Nicolas Faerber and Dinesh K. Babu and Klaus Schilling },
group = {IFAC},
year = {2013},
institution = {University of Wuerzburg, Department of Robotics and Telematics},
month = {11}
}

@techreport{article:3,
title = {{Remote Monitoring System based on a Wi-Fi Controlled Car Using Raspberry Pi}},
author = { Nazirah Ahmad Zaini and Norliza Zaini and Mohd Fuad Abdul Latip and Nabilah Hamzah },
group = {IFAC},
year = {2016},
institution = {Universiti Teknologi MARA (UiTM) Shah Alam, Malaysia, Faculty of Electrical Engineering},
month = {12}
}
