% Copyright (C) 2017 Manuel López Urbina


@book{book:sails,
author = "Mike McNeil, Irl Nathan",
title = "Sails.js in Action",
publisher = "Manning Publications",
year = "2017"
}


@book{book:node,
author = "Mike Cantelon, Alex R. Young, Marc Harter, T.J. Holowaychuk, Nathan Rajlich",
title = "Node.js in Action",
publisher = "Manning Publications",
year = "2017"
}


@book{book:git,
author = "Pablo Hinojoda, JJ Merelo",
title = "Aprende Git: ... y, de camino, GitHub",
publisher = "",
year = "2015"
}

@book{book:javascript,
author = "Douglas Crockford",
title = "JavaScript: The Good Parts",
publisher = "O'Reilly",
year = "2008"
}


@book{book:socketio,
author = "Rohit Rai",
title = "Socket.IO Real-Time Web Application Development",
publisher = "Packt",
year = "2013"
}


@MISC{website:6,
AUTHOR = "{Sails.js}",
title ="{Sails.js | Realtime MVC Framework for Node.js}",
HOWPUBLISHED = "\url{http://sailsjs.com/}"
}

@MISC{website:7,
AUTHOR = "Irl Nathan.",
title ="{Activityoverlord, an application to learn sails.js}",
HOWPUBLISHED = "\url{https://github.com/irlnathan/activityoverlord}"
}


@MISC{website:8,
AUTHOR = "{Métrica v3}",
title ="{Métrica v3}",
HOWPUBLISHED = "\url{http://www.csi.map.es/csi/metrica3}"
}

@MISC{website:9,
AUTHOR = "{Git Hub}",
title ="{Git Hub}",
HOWPUBLISHED = "\url{https://github.com}"
}

@MISC{website:10,
AUTHOR = "{Digital Ocean}",
title ="{Digital Ocean}",
HOWPUBLISHED = "\url{https://www.digitalocean.com/}"
}



@MISC{website:11,
AUTHOR = "{Wikibooks}",
title = "{The Book of LaTeX}",
HOWPUBLISHED = "\url{http://en.wikibooks.org/wiki/LaTeX}"
}



